
@article{lowry_protein_1951,
	title = {{PROTEIN} {MEASUREMENT} {WITH} {THE} {FOLIN} {PHENOL} {REAGENT}},
	volume = {193},
	issn = {0021-9258},
	url = {https://www.sciencedirect.com/science/article/pii/S0021925819524516},
	doi = {10.1016/S0021-9258(19)52451-6},
	number = {1},
	urldate = {2023-09-19},
	journal = {Journal of Biological Chemistry},
	author = {Lowry, OliverH. and Rosebrough, NiraJ. and Farr, A. Lewis and Randall, RoseJ.},
	month = nov,
	year = {1951},
	pages = {265--275},
	file = {ScienceDirect Full Text PDF:C\:\\Users\\louis\\Zotero\\storage\\4E5NTYGF\\Lowry et al. - 1951 - PROTEIN MEASUREMENT WITH THE FOLIN PHENOL REAGENT.pdf:application/pdf;ScienceDirect Snapshot:C\:\\Users\\louis\\Zotero\\storage\\RSGFAZJA\\S0021925819524516.html:text/html},
}
